%YAML 1.1
%TAG !u! tag:unity3d.com,2011:
--- !u!29 &1
SceneSettings:
  m_ObjectHideFlags: 0
  m_PVSData: 
  m_PVSObjectsArray: []
  m_PVSPortalsArray: []
  m_OcclusionBakeSettings:
    smallestOccluder: 5
    smallestHole: .25
    backfaceThreshold: 100
--- !u!104 &2
RenderSettings:
  m_ObjectHideFlags: 0
  serializedVersion: 6
  m_Fog: 0
  m_FogColor: {r: .5, g: .5, b: .5, a: 1}
  m_FogMode: 3
  m_FogDensity: .00999999978
  m_LinearFogStart: 0
  m_LinearFogEnd: 300
  m_AmbientSkyColor: {r: .211999997, g: .226999998, b: .259000003, a: 1}
  m_AmbientEquatorColor: {r: .114, g: .125, b: .133000001, a: 1}
  m_AmbientGroundColor: {r: .0469999984, g: .0430000015, b: .0350000001, a: 1}
  m_AmbientIntensity: 1
  m_AmbientMode: 3
  m_SkyboxMaterial: {fileID: 0}
  m_HaloStrength: .5
  m_FlareStrength: 1
  m_FlareFadeSpeed: 3
  m_HaloTexture: {fileID: 0}
  m_SpotCookie: {fileID: 10001, guid: 0000000000000000e000000000000000, type: 0}
  m_DefaultReflectionMode: 0
  m_DefaultReflectionResolution: 128
  m_ReflectionBounces: 1
  m_ReflectionIntensity: 1
  m_CustomReflection: {fileID: 0}
  m_Sun: {fileID: 0}
--- !u!157 &3
LightmapSettings:
  m_ObjectHideFlags: 0
  serializedVersion: 5
  m_GIWorkflowMode: 1
  m_LightmapsMode: 1
  m_GISettings:
    serializedVersion: 2
    m_BounceScale: 1
    m_IndirectOutputScale: 1
    m_AlbedoBoost: 1
    m_TemporalCoherenceThreshold: 1
    m_EnvironmentLightingMode: 0
    m_EnableBakedLightmaps: 0
    m_EnableRealtimeLightmaps: 0
  m_LightmapEditorSettings:
    serializedVersion: 3
    m_Resolution: 2
    m_BakeResolution: 40
    m_TextureWidth: 1024
    m_TextureHeight: 1024
    m_AOMaxDistance: 1
    m_Padding: 2
    m_CompAOExponent: 0
    m_LightmapParameters: {fileID: 0}
    m_TextureCompression: 1
    m_FinalGather: 0
    m_FinalGatherRayCount: 1024
    m_ReflectionCompression: 2
  m_LightmapSnapshot: {fileID: 0}
  m_RuntimeCPUUsage: 25
--- !u!196 &4
NavMeshSettings:
  serializedVersion: 2
  m_ObjectHideFlags: 0
  m_BuildSettings:
    serializedVersion: 2
    agentRadius: .5
    agentHeight: 2
    agentSlope: 45
    agentClimb: .400000006
    ledgeDropHeight: 0
    maxJumpAcrossDistance: 0
    accuratePlacement: 0
    minRegionArea: 2
    cellSize: .166666672
    manualCellSize: 0
  m_NavMeshData: {fileID: 0}
--- !u!1 &38314160 stripped
GameObject:
  m_PrefabParentObject: {fileID: 183864, guid: 21c66ee308bfdec4d9823d8caf77e79c, type: 2}
  m_PrefabInternal: {fileID: 900558995}
--- !u!81 &38314163
AudioListener:
  m_ObjectHideFlags: 0
  m_PrefabParentObject: {fileID: 0}
  m_PrefabInternal: {fileID: 0}
  m_GameObject: {fileID: 38314160}
  m_Enabled: 1
--- !u!1001 &138056912
Prefab:
  m_ObjectHideFlags: 0
  serializedVersion: 2
  m_Modification:
    m_TransformParent: {fileID: 659331486}
    m_Modifications:
    - target: {fileID: 424158, guid: d2e6785b3dbce334db08fe48ee6f9d01, type: 2}
      propertyPath: m_LocalPosition.x
      value: 0
      objectReference: {fileID: 0}
    - target: {fileID: 424158, guid: d2e6785b3dbce334db08fe48ee6f9d01, type: 2}
      propertyPath: m_LocalPosition.y
      value: 0
      objectReference: {fileID: 0}
    - target: {fileID: 424158, guid: d2e6785b3dbce334db08fe48ee6f9d01, type: 2}
      propertyPath: m_LocalPosition.z
      value: 0
      objectReference: {fileID: 0}
    - target: {fileID: 424158, guid: d2e6785b3dbce334db08fe48ee6f9d01, type: 2}
      propertyPath: m_LocalRotation.x
      value: 0
      objectReference: {fileID: 0}
    - target: {fileID: 424158, guid: d2e6785b3dbce334db08fe48ee6f9d01, type: 2}
      propertyPath: m_LocalRotation.y
      value: 0
      objectReference: {fileID: 0}
    - target: {fileID: 424158, guid: d2e6785b3dbce334db08fe48ee6f9d01, type: 2}
      propertyPath: m_LocalRotation.z
      value: 0
      objectReference: {fileID: 0}
    - target: {fileID: 424158, guid: d2e6785b3dbce334db08fe48ee6f9d01, type: 2}
      propertyPath: m_LocalRotation.w
      value: 1
      objectReference: {fileID: 0}
    - target: {fileID: 424158, guid: d2e6785b3dbce334db08fe48ee6f9d01, type: 2}
      propertyPath: m_RootOrder
      value: 4
      objectReference: {fileID: 0}
    - target: {fileID: 11434000, guid: d2e6785b3dbce334db08fe48ee6f9d01, type: 2}
      propertyPath: _hero
      value: 
      objectReference: {fileID: 212276154}
    m_RemovedComponents: []
  m_ParentPrefab: {fileID: 100100000, guid: d2e6785b3dbce334db08fe48ee6f9d01, type: 2}
  m_IsPrefabParent: 0
--- !u!4 &138056913 stripped
Transform:
  m_PrefabParentObject: {fileID: 424158, guid: d2e6785b3dbce334db08fe48ee6f9d01, type: 2}
  m_PrefabInternal: {fileID: 138056912}
--- !u!114 &138056914 stripped
MonoBehaviour:
  m_PrefabParentObject: {fileID: 11434000, guid: d2e6785b3dbce334db08fe48ee6f9d01,
    type: 2}
  m_PrefabInternal: {fileID: 138056912}
  m_Script: {fileID: 11500000, guid: ac8ad649c5027af4a9594ec8432907d1, type: 3}
--- !u!1001 &212276153
Prefab:
  m_ObjectHideFlags: 0
  serializedVersion: 2
  m_Modification:
    m_TransformParent: {fileID: 0}
    m_Modifications:
    - target: {fileID: 411498, guid: 62f5a9b28b75af8438933eb7eae43647, type: 2}
      propertyPath: m_LocalPosition.x
      value: 0
      objectReference: {fileID: 0}
    - target: {fileID: 411498, guid: 62f5a9b28b75af8438933eb7eae43647, type: 2}
      propertyPath: m_LocalPosition.y
      value: -7.71199989
      objectReference: {fileID: 0}
    - target: {fileID: 411498, guid: 62f5a9b28b75af8438933eb7eae43647, type: 2}
      propertyPath: m_LocalPosition.z
      value: 0
      objectReference: {fileID: 0}
    - target: {fileID: 411498, guid: 62f5a9b28b75af8438933eb7eae43647, type: 2}
      propertyPath: m_LocalRotation.x
      value: 0
      objectReference: {fileID: 0}
    - target: {fileID: 411498, guid: 62f5a9b28b75af8438933eb7eae43647, type: 2}
      propertyPath: m_LocalRotation.y
      value: 0
      objectReference: {fileID: 0}
    - target: {fileID: 411498, guid: 62f5a9b28b75af8438933eb7eae43647, type: 2}
      propertyPath: m_LocalRotation.z
      value: 0
      objectReference: {fileID: 0}
    - target: {fileID: 411498, guid: 62f5a9b28b75af8438933eb7eae43647, type: 2}
      propertyPath: m_LocalRotation.w
      value: 1
      objectReference: {fileID: 0}
    - target: {fileID: 411498, guid: 62f5a9b28b75af8438933eb7eae43647, type: 2}
      propertyPath: m_RootOrder
      value: 0
      objectReference: {fileID: 0}
    - target: {fileID: 151594, guid: 62f5a9b28b75af8438933eb7eae43647, type: 2}
      propertyPath: m_IsActive
      value: 1
      objectReference: {fileID: 0}
    m_RemovedComponents: []
  m_ParentPrefab: {fileID: 100100000, guid: 62f5a9b28b75af8438933eb7eae43647, type: 2}
  m_IsPrefabParent: 0
--- !u!114 &212276154 stripped
MonoBehaviour:
  m_PrefabParentObject: {fileID: 11486906, guid: 62f5a9b28b75af8438933eb7eae43647,
    type: 2}
  m_PrefabInternal: {fileID: 212276153}
  m_Script: {fileID: 11500000, guid: d335e9807914b824d92ce58a7e4bcab8, type: 3}
--- !u!1 &231805850
GameObject:
  m_ObjectHideFlags: 0
  m_PrefabParentObject: {fileID: 0}
  m_PrefabInternal: {fileID: 0}
  serializedVersion: 4
  m_Component:
  - 4: {fileID: 231805853}
  - 95: {fileID: 231805852}
  - 212: {fileID: 231805851}
  m_Layer: 0
  m_Name: WaterMovement
  m_TagString: Untagged
  m_Icon: {fileID: 0}
  m_NavMeshLayer: 0
  m_StaticEditorFlags: 0
  m_IsActive: 1
--- !u!212 &231805851
SpriteRenderer:
  m_ObjectHideFlags: 0
  m_PrefabParentObject: {fileID: 0}
  m_PrefabInternal: {fileID: 0}
  m_GameObject: {fileID: 231805850}
  m_Enabled: 1
  m_CastShadows: 0
  m_ReceiveShadows: 0
  m_Materials:
  - {fileID: 10754, guid: 0000000000000000e000000000000000, type: 0}
  m_SubsetIndices: 
  m_StaticBatchRoot: {fileID: 0}
  m_UseLightProbes: 0
  m_ReflectionProbeUsage: 0
  m_ProbeAnchor: {fileID: 0}
  m_ScaleInLightmap: 1
  m_PreserveUVs: 0
  m_ImportantGI: 0
  m_AutoUVMaxDistance: .5
  m_AutoUVMaxAngle: 89
  m_LightmapParameters: {fileID: 0}
  m_SortingLayerID: -373326777
  m_SortingOrder: 2
  m_Sprite: {fileID: 0}
  m_Color: {r: 1, g: 1, b: 1, a: 1}
--- !u!95 &231805852
Animator:
  serializedVersion: 3
  m_ObjectHideFlags: 0
  m_PrefabParentObject: {fileID: 0}
  m_PrefabInternal: {fileID: 0}
  m_GameObject: {fileID: 231805850}
  m_Enabled: 1
  m_Avatar: {fileID: 0}
  m_Controller: {fileID: 9100000, guid: 088e0c999fc14674d8b5d8e641b6050d, type: 2}
  m_CullingMode: 0
  m_UpdateMode: 0
  m_ApplyRootMotion: 0
  m_LinearVelocityBlending: 0
  m_WarningMessage: 
  m_HasTransformHierarchy: 1
  m_AllowConstantClipSamplingOptimization: 1
--- !u!4 &231805853
Transform:
  m_ObjectHideFlags: 0
  m_PrefabParentObject: {fileID: 0}
  m_PrefabInternal: {fileID: 0}
  m_GameObject: {fileID: 231805850}
  m_LocalRotation: {x: 0, y: 0, z: 0, w: 1}
  m_LocalPosition: {x: 0, y: 0, z: 0}
  m_LocalScale: {x: 1, y: 1, z: 1}
  m_Children: []
  m_Father: {fileID: 628755971}
  m_RootOrder: 4
--- !u!1 &301493063
GameObject:
  m_ObjectHideFlags: 0
  m_PrefabParentObject: {fileID: 0}
  m_PrefabInternal: {fileID: 0}
  serializedVersion: 4
  m_Component:
  - 4: {fileID: 301493064}
  - 212: {fileID: 301493065}
  m_Layer: 0
  m_Name: Hypnofrog_gros_nenuphare
  m_TagString: Untagged
  m_Icon: {fileID: 0}
  m_NavMeshLayer: 0
  m_StaticEditorFlags: 0
  m_IsActive: 1
--- !u!4 &301493064
Transform:
  m_ObjectHideFlags: 0
  m_PrefabParentObject: {fileID: 0}
  m_PrefabInternal: {fileID: 0}
  m_GameObject: {fileID: 301493063}
  m_LocalRotation: {x: 0, y: 0, z: 0, w: 1}
  m_LocalPosition: {x: 0, y: 0, z: 0}
  m_LocalScale: {x: 1, y: 1, z: 1}
  m_Children: []
  m_Father: {fileID: 628755971}
  m_RootOrder: 0
--- !u!212 &301493065
SpriteRenderer:
  m_ObjectHideFlags: 0
  m_PrefabParentObject: {fileID: 0}
  m_PrefabInternal: {fileID: 0}
  m_GameObject: {fileID: 301493063}
  m_Enabled: 1
  m_CastShadows: 0
  m_ReceiveShadows: 0
  m_Materials:
  - {fileID: 10754, guid: 0000000000000000e000000000000000, type: 0}
  m_SubsetIndices: 
  m_StaticBatchRoot: {fileID: 0}
  m_UseLightProbes: 0
  m_ReflectionProbeUsage: 0
  m_ProbeAnchor: {fileID: 0}
  m_ScaleInLightmap: 1
  m_PreserveUVs: 0
  m_ImportantGI: 0
  m_AutoUVMaxDistance: .5
  m_AutoUVMaxAngle: 89
  m_LightmapParameters: {fileID: 0}
  m_SortingLayerID: -373326777
  m_SortingOrder: 3
  m_Sprite: {fileID: 21300000, guid: 25244f74d9bdb094c93c6182cfb59872, type: 3}
  m_Color: {r: 1, g: 1, b: 1, a: 1}
--- !u!1 &461887016
GameObject:
  m_ObjectHideFlags: 0
  m_PrefabParentObject: {fileID: 0}
  m_PrefabInternal: {fileID: 0}
  serializedVersion: 4
  m_Component:
  - 4: {fileID: 461887017}
  m_Layer: 0
  m_Name: bar
  m_TagString: Untagged
  m_Icon: {fileID: 0}
  m_NavMeshLayer: 0
  m_StaticEditorFlags: 0
  m_IsActive: 1
--- !u!4 &461887017
Transform:
  m_ObjectHideFlags: 0
  m_PrefabParentObject: {fileID: 0}
  m_PrefabInternal: {fileID: 0}
  m_GameObject: {fileID: 461887016}
  m_LocalRotation: {x: 0, y: 0, z: 0, w: 1}
  m_LocalPosition: {x: 0, y: 0, z: 0}
  m_LocalScale: {x: 1, y: 1, z: 1}
  m_Children: []
  m_Father: {fileID: 1147873633}
  m_RootOrder: 0
--- !u!1001 &593169249
Prefab:
  m_ObjectHideFlags: 0
  serializedVersion: 2
  m_Modification:
    m_TransformParent: {fileID: 659331486}
    m_Modifications:
    - target: {fileID: 451248, guid: 81d844dd2810ea546b4470d4689f9873, type: 2}
      propertyPath: m_LocalPosition.x
      value: 0
      objectReference: {fileID: 0}
    - target: {fileID: 451248, guid: 81d844dd2810ea546b4470d4689f9873, type: 2}
      propertyPath: m_LocalPosition.y
      value: -.270000011
      objectReference: {fileID: 0}
    - target: {fileID: 451248, guid: 81d844dd2810ea546b4470d4689f9873, type: 2}
      propertyPath: m_LocalPosition.z
      value: 0
      objectReference: {fileID: 0}
    - target: {fileID: 451248, guid: 81d844dd2810ea546b4470d4689f9873, type: 2}
      propertyPath: m_LocalRotation.x
      value: 0
      objectReference: {fileID: 0}
    - target: {fileID: 451248, guid: 81d844dd2810ea546b4470d4689f9873, type: 2}
      propertyPath: m_LocalRotation.y
      value: 0
      objectReference: {fileID: 0}
    - target: {fileID: 451248, guid: 81d844dd2810ea546b4470d4689f9873, type: 2}
      propertyPath: m_LocalRotation.z
      value: 0
      objectReference: {fileID: 0}
    - target: {fileID: 451248, guid: 81d844dd2810ea546b4470d4689f9873, type: 2}
      propertyPath: m_LocalRotation.w
      value: 1
      objectReference: {fileID: 0}
    - target: {fileID: 451248, guid: 81d844dd2810ea546b4470d4689f9873, type: 2}
      propertyPath: m_RootOrder
      value: 7
      objectReference: {fileID: 0}
    - target: {fileID: 11427254, guid: 81d844dd2810ea546b4470d4689f9873, type: 2}
      propertyPath: _bossBehaviour
      value: 
      objectReference: {fileID: 1154693581}
    m_RemovedComponents: []
  m_ParentPrefab: {fileID: 100100000, guid: 81d844dd2810ea546b4470d4689f9873, type: 2}
  m_IsPrefabParent: 0
--- !u!4 &593169250 stripped
Transform:
  m_PrefabParentObject: {fileID: 451248, guid: 81d844dd2810ea546b4470d4689f9873, type: 2}
  m_PrefabInternal: {fileID: 593169249}
--- !u!1 &628755970
GameObject:
  m_ObjectHideFlags: 0
  m_PrefabParentObject: {fileID: 0}
  m_PrefabInternal: {fileID: 0}
  serializedVersion: 4
  m_Component:
  - 4: {fileID: 628755971}
  - 212: {fileID: 628755972}
  m_Layer: 0
  m_Name: Hypnofrog_background
  m_TagString: Untagged
  m_Icon: {fileID: 0}
  m_NavMeshLayer: 0
  m_StaticEditorFlags: 0
  m_IsActive: 1
--- !u!4 &628755971
Transform:
  m_ObjectHideFlags: 0
  m_PrefabParentObject: {fileID: 0}
  m_PrefabInternal: {fileID: 0}
  m_GameObject: {fileID: 628755970}
  m_LocalRotation: {x: 0, y: 0, z: 0, w: 1}
  m_LocalPosition: {x: 0, y: 0, z: 0}
  m_LocalScale: {x: 1, y: 1, z: 1}
  m_Children:
  - {fileID: 301493064}
  - {fileID: 2072894423}
  - {fileID: 1430547922}
  - {fileID: 1410841385}
  - {fileID: 231805853}
  - {fileID: 1373581302}
  m_Father: {fileID: 659331486}
  m_RootOrder: 1
--- !u!212 &628755972
SpriteRenderer:
  m_ObjectHideFlags: 0
  m_PrefabParentObject: {fileID: 0}
  m_PrefabInternal: {fileID: 0}
  m_GameObject: {fileID: 628755970}
  m_Enabled: 1
  m_CastShadows: 0
  m_ReceiveShadows: 0
  m_Materials:
  - {fileID: 10754, guid: 0000000000000000e000000000000000, type: 0}
  m_SubsetIndices: 
  m_StaticBatchRoot: {fileID: 0}
  m_UseLightProbes: 0
  m_ReflectionProbeUsage: 0
  m_ProbeAnchor: {fileID: 0}
  m_ScaleInLightmap: 1
  m_PreserveUVs: 0
  m_ImportantGI: 0
  m_AutoUVMaxDistance: .5
  m_AutoUVMaxAngle: 89
  m_LightmapParameters: {fileID: 0}
  m_SortingLayerID: -373326777
  m_SortingOrder: 0
  m_Sprite: {fileID: 21300000, guid: 45740a3f0642f1940b9aabcb7df1c138, type: 3}
  m_Color: {r: 1, g: 1, b: 1, a: 1}
--- !u!1 &659331484
GameObject:
  m_ObjectHideFlags: 0
  m_PrefabParentObject: {fileID: 0}
  m_PrefabInternal: {fileID: 0}
  serializedVersion: 4
  m_Component:
  - 4: {fileID: 659331486}
  - 114: {fileID: 659331485}
  m_Layer: 0
  m_Name: Stage
  m_TagString: Untagged
  m_Icon: {fileID: 0}
  m_NavMeshLayer: 0
  m_StaticEditorFlags: 0
  m_IsActive: 1
--- !u!114 &659331485
MonoBehaviour:
  m_ObjectHideFlags: 0
  m_PrefabParentObject: {fileID: 0}
  m_PrefabInternal: {fileID: 0}
  m_GameObject: {fileID: 659331484}
  m_Enabled: 1
  m_EditorHideFlags: 0
  m_Script: {fileID: 11500000, guid: e0679b085bf740946be204abfdbcc016, type: 3}
  m_Name: 
  m_EditorClassIdentifier: 
  _actualScene: stage2
  _boss: {fileID: 1154693581}
  _hero: {fileID: 212276154}
  _lifeBar: {fileID: 138056914}
  _nextScene: stage1
  _herosPos: {fileID: 1860797835}
  _nextSceneSpawner: {fileID: 1777638425}
  _curveTransition:
    serializedVersion: 2
    m_Curve:
    - time: 0
      value: 0
      inSlope: .409065098
      outSlope: -.54902035
      tangentMode: 1
    - time: .353209198
      value: .0587458499
      inSlope: .810794294
      outSlope: .810794294
      tangentMode: 10
    - time: 1
      value: 1
      inSlope: 1.57339764
      outSlope: 1.57339764
      tangentMode: 0
    m_PreInfinity: 2
    m_PostInfinity: 2
  _durationTransition: 3
  _DebugMode: 0
--- !u!4 &659331486
Transform:
  m_ObjectHideFlags: 0
  m_PrefabParentObject: {fileID: 0}
  m_PrefabInternal: {fileID: 0}
  m_GameObject: {fileID: 659331484}
  m_LocalRotation: {x: 0, y: 0, z: 0, w: 1}
  m_LocalPosition: {x: 0, y: 0, z: 0}
  m_LocalScale: {x: 1, y: 1, z: 1}
  m_Children:
  - {fileID: 1154693582}
  - {fileID: 628755971}
  - {fileID: 875469095}
  - {fileID: 1860797835}
  - {fileID: 138056913}
  - {fileID: 1147873633}
  - {fileID: 1777638424}
  - {fileID: 593169250}
  m_Father: {fileID: 0}
  m_RootOrder: 1
--- !u!4 &875469095 stripped
Transform:
  m_PrefabParentObject: {fileID: 476384, guid: 21c66ee308bfdec4d9823d8caf77e79c, type: 2}
  m_PrefabInternal: {fileID: 900558995}
--- !u!1001 &900558995
Prefab:
  m_ObjectHideFlags: 0
  serializedVersion: 2
  m_Modification:
    m_TransformParent: {fileID: 659331486}
    m_Modifications:
    - target: {fileID: 476384, guid: 21c66ee308bfdec4d9823d8caf77e79c, type: 2}
      propertyPath: m_LocalPosition.x
      value: 0
      objectReference: {fileID: 0}
    - target: {fileID: 476384, guid: 21c66ee308bfdec4d9823d8caf77e79c, type: 2}
      propertyPath: m_LocalPosition.y
      value: 0
      objectReference: {fileID: 0}
    - target: {fileID: 476384, guid: 21c66ee308bfdec4d9823d8caf77e79c, type: 2}
      propertyPath: m_LocalPosition.z
      value: -10
      objectReference: {fileID: 0}
    - target: {fileID: 476384, guid: 21c66ee308bfdec4d9823d8caf77e79c, type: 2}
      propertyPath: m_LocalRotation.x
      value: 0
      objectReference: {fileID: 0}
    - target: {fileID: 476384, guid: 21c66ee308bfdec4d9823d8caf77e79c, type: 2}
      propertyPath: m_LocalRotation.y
      value: 0
      objectReference: {fileID: 0}
    - target: {fileID: 476384, guid: 21c66ee308bfdec4d9823d8caf77e79c, type: 2}
      propertyPath: m_LocalRotation.z
      value: 0
      objectReference: {fileID: 0}
    - target: {fileID: 476384, guid: 21c66ee308bfdec4d9823d8caf77e79c, type: 2}
      propertyPath: m_LocalRotation.w
      value: 1
      objectReference: {fileID: 0}
    - target: {fileID: 476384, guid: 21c66ee308bfdec4d9823d8caf77e79c, type: 2}
      propertyPath: m_RootOrder
      value: 2
      objectReference: {fileID: 0}
    - target: {fileID: 183864, guid: 21c66ee308bfdec4d9823d8caf77e79c, type: 2}
      propertyPath: m_IsActive
      value: 0
      objectReference: {fileID: 0}
    m_RemovedComponents: []
  m_ParentPrefab: {fileID: 100100000, guid: 21c66ee308bfdec4d9823d8caf77e79c, type: 2}
  m_IsPrefabParent: 0
--- !u!1 &1147873632
GameObject:
  m_ObjectHideFlags: 0
  m_PrefabParentObject: {fileID: 0}
  m_PrefabInternal: {fileID: 0}
  serializedVersion: 4
  m_Component:
  - 4: {fileID: 1147873633}
  m_Layer: 0
  m_Name: BossBar
  m_TagString: Untagged
  m_Icon: {fileID: 0}
  m_NavMeshLayer: 0
  m_StaticEditorFlags: 0
  m_IsActive: 1
--- !u!4 &1147873633
Transform:
  m_ObjectHideFlags: 0
  m_PrefabParentObject: {fileID: 0}
  m_PrefabInternal: {fileID: 0}
  m_GameObject: {fileID: 1147873632}
  m_LocalRotation: {x: 0, y: 0, z: 0, w: 1}
  m_LocalPosition: {x: 0, y: 0, z: 0}
  m_LocalScale: {x: 1, y: 1, z: 1}
  m_Children:
  - {fileID: 461887017}
  m_Father: {fileID: 659331486}
  m_RootOrder: 5
--- !u!1001 &1154693580
Prefab:
  m_ObjectHideFlags: 0
  serializedVersion: 2
  m_Modification:
    m_TransformParent: {fileID: 659331486}
    m_Modifications:
    - target: {fileID: 448372, guid: b90bc03b261b57b4c85e864fe868390c, type: 2}
      propertyPath: m_LocalPosition.x
      value: 0
      objectReference: {fileID: 0}
    - target: {fileID: 448372, guid: b90bc03b261b57b4c85e864fe868390c, type: 2}
      propertyPath: m_LocalPosition.y
      value: 0
      objectReference: {fileID: 0}
    - target: {fileID: 448372, guid: b90bc03b261b57b4c85e864fe868390c, type: 2}
      propertyPath: m_LocalPosition.z
      value: 0
      objectReference: {fileID: 0}
    - target: {fileID: 448372, guid: b90bc03b261b57b4c85e864fe868390c, type: 2}
      propertyPath: m_LocalRotation.x
      value: 0
      objectReference: {fileID: 0}
    - target: {fileID: 448372, guid: b90bc03b261b57b4c85e864fe868390c, type: 2}
      propertyPath: m_LocalRotation.y
      value: 0
      objectReference: {fileID: 0}
    - target: {fileID: 448372, guid: b90bc03b261b57b4c85e864fe868390c, type: 2}
      propertyPath: m_LocalRotation.z
      value: 0
      objectReference: {fileID: 0}
    - target: {fileID: 448372, guid: b90bc03b261b57b4c85e864fe868390c, type: 2}
      propertyPath: m_LocalRotation.w
      value: 1
      objectReference: {fileID: 0}
    - target: {fileID: 448372, guid: b90bc03b261b57b4c85e864fe868390c, type: 2}
      propertyPath: m_RootOrder
      value: 0
      objectReference: {fileID: 0}
    - target: {fileID: 11475094, guid: b90bc03b261b57b4c85e864fe868390c, type: 2}
      propertyPath: _StageManager
      value: 
      objectReference: {fileID: 659331485}
    m_RemovedComponents: []
  m_ParentPrefab: {fileID: 100100000, guid: b90bc03b261b57b4c85e864fe868390c, type: 2}
  m_IsPrefabParent: 0
--- !u!114 &1154693581 stripped
MonoBehaviour:
  m_PrefabParentObject: {fileID: 11475094, guid: b90bc03b261b57b4c85e864fe868390c,
    type: 2}
  m_PrefabInternal: {fileID: 1154693580}
  m_Script: {fileID: 11500000, guid: 854f023dd809f2e4aac394ad8ed9ec84, type: 3}
--- !u!4 &1154693582 stripped
Transform:
  m_PrefabParentObject: {fileID: 448372, guid: b90bc03b261b57b4c85e864fe868390c, type: 2}
  m_PrefabInternal: {fileID: 1154693580}
--- !u!1 &1373581299
GameObject:
  m_ObjectHideFlags: 0
  m_PrefabParentObject: {fileID: 0}
  m_PrefabInternal: {fileID: 0}
  serializedVersion: 4
  m_Component:
  - 4: {fileID: 1373581302}
  - 95: {fileID: 1373581301}
  - 212: {fileID: 1373581300}
  m_Layer: 0
  m_Name: BigWaterMovement
  m_TagString: Untagged
  m_Icon: {fileID: 0}
  m_NavMeshLayer: 0
  m_StaticEditorFlags: 0
  m_IsActive: 1
--- !u!212 &1373581300
SpriteRenderer:
  m_ObjectHideFlags: 0
  m_PrefabParentObject: {fileID: 0}
  m_PrefabInternal: {fileID: 0}
  m_GameObject: {fileID: 1373581299}
  m_Enabled: 1
  m_CastShadows: 0
  m_ReceiveShadows: 0
  m_Materials:
  - {fileID: 10754, guid: 0000000000000000e000000000000000, type: 0}
  m_SubsetIndices: 
  m_StaticBatchRoot: {fileID: 0}
  m_UseLightProbes: 0
  m_ReflectionProbeUsage: 0
  m_ProbeAnchor: {fileID: 0}
  m_ScaleInLightmap: 1
  m_PreserveUVs: 0
  m_ImportantGI: 0
  m_AutoUVMaxDistance: .5
  m_AutoUVMaxAngle: 89
  m_LightmapParameters: {fileID: 0}
  m_SortingLayerID: -373326777
  m_SortingOrder: 2
  m_Sprite: {fileID: 0}
  m_Color: {r: 1, g: 1, b: 1, a: 1}
--- !u!95 &1373581301
Animator:
  serializedVersion: 3
  m_ObjectHideFlags: 0
  m_PrefabParentObject: {fileID: 0}
  m_PrefabInternal: {fileID: 0}
  m_GameObject: {fileID: 1373581299}
  m_Enabled: 1
  m_Avatar: {fileID: 0}
  m_Controller: {fileID: 9100000, guid: 36215c2aef5780f44bc876662df17b9d, type: 2}
  m_CullingMode: 0
  m_UpdateMode: 0
  m_ApplyRootMotion: 0
  m_LinearVelocityBlending: 0
  m_WarningMessage: 
  m_HasTransformHierarchy: 1
  m_AllowConstantClipSamplingOptimization: 1
--- !u!4 &1373581302
Transform:
  m_ObjectHideFlags: 0
  m_PrefabParentObject: {fileID: 0}
  m_PrefabInternal: {fileID: 0}
  m_GameObject: {fileID: 1373581299}
  m_LocalRotation: {x: 0, y: 0, z: 0, w: 1}
  m_LocalPosition: {x: 0, y: 0, z: 0}
  m_LocalScale: {x: 1, y: 1, z: 1}
  m_Children: []
  m_Father: {fileID: 628755971}
  m_RootOrder: 5
--- !u!1 &1410841384
GameObject:
  m_ObjectHideFlags: 0
  m_PrefabParentObject: {fileID: 0}
  m_PrefabInternal: {fileID: 0}
  serializedVersion: 4
  m_Component:
  - 4: {fileID: 1410841385}
  - 212: {fileID: 1410841386}
  m_Layer: 0
  m_Name: Hypnofrog_nenuphare_gauche
  m_TagString: Untagged
  m_Icon: {fileID: 0}
  m_NavMeshLayer: 0
  m_StaticEditorFlags: 0
  m_IsActive: 1
--- !u!4 &1410841385
Transform:
  m_ObjectHideFlags: 0
  m_PrefabParentObject: {fileID: 0}
  m_PrefabInternal: {fileID: 0}
  m_GameObject: {fileID: 1410841384}
  m_LocalRotation: {x: 0, y: 0, z: 0, w: 1}
  m_LocalPosition: {x: 0, y: 0, z: 0}
  m_LocalScale: {x: 1, y: 1, z: 1}
  m_Children: []
  m_Father: {fileID: 628755971}
  m_RootOrder: 3
--- !u!212 &1410841386
SpriteRenderer:
  m_ObjectHideFlags: 0
  m_PrefabParentObject: {fileID: 0}
  m_PrefabInternal: {fileID: 0}
  m_GameObject: {fileID: 1410841384}
  m_Enabled: 1
  m_CastShadows: 0
  m_ReceiveShadows: 0
  m_Materials:
  - {fileID: 10754, guid: 0000000000000000e000000000000000, type: 0}
  m_SubsetIndices: 
  m_StaticBatchRoot: {fileID: 0}
  m_UseLightProbes: 0
  m_ReflectionProbeUsage: 0
  m_ProbeAnchor: {fileID: 0}
  m_ScaleInLightmap: 1
  m_PreserveUVs: 0
  m_ImportantGI: 0
  m_AutoUVMaxDistance: .5
  m_AutoUVMaxAngle: 89
  m_LightmapParameters: {fileID: 0}
  m_SortingLayerID: -373326777
  m_SortingOrder: 3
  m_Sprite: {fileID: 21300000, guid: 562e548cd09795945a41fd89d0310d82, type: 3}
  m_Color: {r: 1, g: 1, b: 1, a: 1}
--- !u!1 &1430547920
GameObject:
  m_ObjectHideFlags: 0
  m_PrefabParentObject: {fileID: 0}
  m_PrefabInternal: {fileID: 0}
  serializedVersion: 4
  m_Component:
  - 4: {fileID: 1430547922}
  - 212: {fileID: 1430547921}
  m_Layer: 0
  m_Name: Hypnofrog_nenuphare_droite
  m_TagString: Untagged
  m_Icon: {fileID: 0}
  m_NavMeshLayer: 0
  m_StaticEditorFlags: 0
  m_IsActive: 1
--- !u!212 &1430547921
SpriteRenderer:
  m_ObjectHideFlags: 0
  m_PrefabParentObject: {fileID: 0}
  m_PrefabInternal: {fileID: 0}
  m_GameObject: {fileID: 1430547920}
  m_Enabled: 1
  m_CastShadows: 0
  m_ReceiveShadows: 0
  m_Materials:
  - {fileID: 10754, guid: 0000000000000000e000000000000000, type: 0}
  m_SubsetIndices: 
  m_StaticBatchRoot: {fileID: 0}
  m_UseLightProbes: 0
  m_ReflectionProbeUsage: 0
  m_ProbeAnchor: {fileID: 0}
  m_ScaleInLightmap: 1
  m_PreserveUVs: 0
  m_ImportantGI: 0
  m_AutoUVMaxDistance: .5
  m_AutoUVMaxAngle: 89
  m_LightmapParameters: {fileID: 0}
  m_SortingLayerID: -373326777
  m_SortingOrder: 3
  m_Sprite: {fileID: 21300000, guid: b7fae61822265d7428c328ba63abf898, type: 3}
  m_Color: {r: 1, g: 1, b: 1, a: 1}
--- !u!4 &1430547922
Transform:
  m_ObjectHideFlags: 0
  m_PrefabParentObject: {fileID: 0}
  m_PrefabInternal: {fileID: 0}
  m_GameObject: {fileID: 1430547920}
  m_LocalRotation: {x: 0, y: 0, z: 0, w: 1}
  m_LocalPosition: {x: 0, y: 0, z: 0}
  m_LocalScale: {x: 1, y: 1, z: 1}
  m_Children: []
  m_Father: {fileID: 628755971}
  m_RootOrder: 2
--- !u!1001 &1777638423
Prefab:
  m_ObjectHideFlags: 0
  serializedVersion: 2
  m_Modification:
    m_TransformParent: {fileID: 659331486}
    m_Modifications:
    - target: {fileID: 453970, guid: 16b126e3e2e0a2043af179840bc1d23a, type: 2}
      propertyPath: m_LocalPosition.x
      value: 0
      objectReference: {fileID: 0}
    - target: {fileID: 453970, guid: 16b126e3e2e0a2043af179840bc1d23a, type: 2}
      propertyPath: m_LocalPosition.y
      value: 0
      objectReference: {fileID: 0}
    - target: {fileID: 453970, guid: 16b126e3e2e0a2043af179840bc1d23a, type: 2}
      propertyPath: m_LocalPosition.z
      value: 0
      objectReference: {fileID: 0}
    - target: {fileID: 453970, guid: 16b126e3e2e0a2043af179840bc1d23a, type: 2}
      propertyPath: m_LocalRotation.x
      value: 0
      objectReference: {fileID: 0}
    - target: {fileID: 453970, guid: 16b126e3e2e0a2043af179840bc1d23a, type: 2}
      propertyPath: m_LocalRotation.y
      value: 0
      objectReference: {fileID: 0}
    - target: {fileID: 453970, guid: 16b126e3e2e0a2043af179840bc1d23a, type: 2}
      propertyPath: m_LocalRotation.z
      value: 0
      objectReference: {fileID: 0}
    - target: {fileID: 453970, guid: 16b126e3e2e0a2043af179840bc1d23a, type: 2}
      propertyPath: m_LocalRotation.w
      value: 1
      objectReference: {fileID: 0}
    - target: {fileID: 453970, guid: 16b126e3e2e0a2043af179840bc1d23a, type: 2}
      propertyPath: m_RootOrder
      value: 6
      objectReference: {fileID: 0}
    - target: {fileID: 454104, guid: 16b126e3e2e0a2043af179840bc1d23a, type: 2}
      propertyPath: m_LocalRotation.z
      value: 1
      objectReference: {fileID: 0}
    - target: {fileID: 454104, guid: 16b126e3e2e0a2043af179840bc1d23a, type: 2}
      propertyPath: m_LocalRotation.w
      value: -1.62920685e-07
      objectReference: {fileID: 0}
    m_RemovedComponents: []
  m_ParentPrefab: {fileID: 100100000, guid: 16b126e3e2e0a2043af179840bc1d23a, type: 2}
  m_IsPrefabParent: 0
--- !u!4 &1777638424 stripped
Transform:
  m_PrefabParentObject: {fileID: 453970, guid: 16b126e3e2e0a2043af179840bc1d23a, type: 2}
  m_PrefabInternal: {fileID: 1777638423}
--- !u!4 &1777638425 stripped
Transform:
  m_PrefabParentObject: {fileID: 475286, guid: 16b126e3e2e0a2043af179840bc1d23a, type: 2}
  m_PrefabInternal: {fileID: 1777638423}
--- !u!1 &1860797834
GameObject:
  m_ObjectHideFlags: 0
  m_PrefabParentObject: {fileID: 0}
  m_PrefabInternal: {fileID: 0}
  serializedVersion: 4
  m_Component:
  - 4: {fileID: 1860797835}
  m_Layer: 0
  m_Name: spawnHero
  m_TagString: Untagged
  m_Icon: {fileID: 0}
  m_NavMeshLayer: 0
  m_StaticEditorFlags: 0
  m_IsActive: 1
--- !u!4 &1860797835
Transform:
  m_ObjectHideFlags: 0
  m_PrefabParentObject: {fileID: 0}
  m_PrefabInternal: {fileID: 0}
  m_GameObject: {fileID: 1860797834}
  m_LocalRotation: {x: 0, y: 0, z: 0, w: 1}
  m_LocalPosition: {x: 0, y: -2.07999992, z: 0}
  m_LocalScale: {x: 1, y: 1, z: 1}
  m_Children: []
  m_Father: {fileID: 659331486}
  m_RootOrder: 3
--- !u!1 &2072894422
GameObject:
  m_ObjectHideFlags: 0
  m_PrefabParentObject: {fileID: 0}
  m_PrefabInternal: {fileID: 0}
  serializedVersion: 4
  m_Component:
  - 4: {fileID: 2072894423}
  - 212: {fileID: 2072894424}
  m_Layer: 0
  m_Name: Hypnofrog_nenuphare_centre
  m_TagString: Untagged
  m_Icon: {fileID: 0}
  m_NavMeshLayer: 0
  m_StaticEditorFlags: 0
  m_IsActive: 1
--- !u!4 &2072894423
Transform:
  m_ObjectHideFlags: 0
  m_PrefabParentObject: {fileID: 0}
  m_PrefabInternal: {fileID: 0}
  m_GameObject: {fileID: 2072894422}
  m_LocalRotation: {x: 0, y: 0, z: 0, w: 1}
  m_LocalPosition: {x: 0, y: 0, z: 0}
  m_LocalScale: {x: 1, y: 1, z: 1}
  m_Children: []
  m_Father: {fileID: 628755971}
  m_RootOrder: 1
--- !u!212 &2072894424
SpriteRenderer:
  m_ObjectHideFlags: 0
  m_PrefabParentObject: {fileID: 0}
  m_PrefabInternal: {fileID: 0}
  m_GameObject: {fileID: 2072894422}
  m_Enabled: 1
  m_CastShadows: 0
  m_ReceiveShadows: 0
  m_Materials:
  - {fileID: 10754, guid: 0000000000000000e000000000000000, type: 0}
  m_SubsetIndices: 
  m_StaticBatchRoot: {fileID: 0}
  m_UseLightProbes: 0
  m_ReflectionProbeUsage: 0
  m_ProbeAnchor: {fileID: 0}
  m_ScaleInLightmap: 1
  m_PreserveUVs: 0
  m_ImportantGI: 0
  m_AutoUVMaxDistance: .5
  m_AutoUVMaxAngle: 89
  m_LightmapParameters: {fileID: 0}
  m_SortingLayerID: -373326777
  m_SortingOrder: 3
  m_Sprite: {fileID: 21300000, guid: 187ce60a5e7c4414f89e293a92ea8991, type: 3}
  m_Color: {r: 1, g: 1, b: 1, a: 1}
